@ONLINE{samlprofiles,
	author={OASIS},
	title={{Profiles for the OASIS Security Assertion Markup Language (SAML) V2.0}},
	year={2005},
	howpublished={\url{http://docs.oasis-open.org/security/saml/v2.0/saml-profiles-2.0-os.pdf}}
}
@ONLINE{samlcore,
	author = {OASIS},
	title = {{Assertions and Protocols for the OASIS
Security Assertion Markup Language
(SAML) V2.0}},
	year ={2005},
	howpublished={\url{https://www.oasis-open.org/committees/download.php/35711/sstc-saml-core-errata-2.0-wd-06-diff.pdf}}
}
@ONLINE{sureshatt,
	author = {Suresh Attanayake},
	title = {{How To Read A SAML 2.0 Response With OpenSAML}},
	year ={2012},
	howpublished={\url{http://sureshatt.blogspot.com.es/2012/11/how-to-read-saml-20-response-with.html}}
}

@ONLINE{oracle,
	author = {Oracle},
	title = {{Java EE API Documentation}},
	howpublished={\url{http://docs.oracle.com/javaee/6/api/}}
}

@ONLINE{sessiontracking,
	author = {Johns Hopkins University},
	title = {{Session Tracking}},
	howpublished={\url{http://www.apl.jhu.edu/~hall/java/Servlet-Tutorial/Servlet-Tutorial-Session-Tracking.html}}
}

@ONLINE{virtualbox,
	author = {Oracle},
	title = {{VirtualBox Documentation}},
	howpublished={\url{https://www.virtualbox.org/wiki/Documentation}}
}

@ONLINE{msdn,
	author = {MSDN},
	title = {{SAMLWriter Class}},
	howpublished={\url{https://www.google.es/url?sa=t&rct=j&q=&esrc=s&source=web&cd=1&ved=0CDQQFjAA&url=http%3A%2F%2Fblogs.msdn.com%2Fcfs-filesystemfile.ashx%2F__key%2Fcommunityserver-blogs-components-weblogfiles%2F00-00-01-05-08%2F0513.SAMLWriter.java&ei=XdmpUc6iIKbF7Abn_4HQBA&usg=AFQjCNEW94b773C03YiWVekYlQxvo_EYgg&sig2=xopR3xnv3k_O0p6LBgOoYA&bvm=bv.47244034,d.ZGU&cad=rja}}
